@book{Verruijt_2010,
  author={Verruijt, A.},
  title={An introduction to soil dynamics},
  series={Theory and applications of transport in porous media},
  ISBN={978-90-481-3440-3},
  publisher={Springer},
  year={2010},
 }

@book{Biggs_1964,
  title={Introduction to structural dynamics},
  publisher={McGraw-Hill College},
  author={Biggs, J.M.},
  year={1964}
}

@book{churchill_1972,
  title={Operational mathematics},
  author={Churchill, R.V.},
  year={1972},
  publisher={McGraw-Hill New York}
}

@article{Zhang_2001,
  title={Numerical simulation of train-bridge interactive dynamics},
  volume={79},
  ISSN={0045-7949},
  DOI={10.1016/S0045-7949(00)00181-4},
  number={10},
  journal={Computers \& Structures},
  author={Zhang, Q.-L. and Vrouwenvelder, A. and Wardenier, J.},
  year={2001},
  pages={1059-1075}}


@article{Lei_Noda_2002,
  title={Analyses of dynamic response of vehicle and track coupling system with random irregularity of track vertical profile},
  volume={258},
  ISSN={0022460X},
  DOI={10.1006/jsvi.2002.5107},
  number={1},
  journal={Journal of Sound and Vibration},
  author={Lei, X. and Noda, N.-A.},
  year={2002},
  pages={147â€“165}
}

@article{Kabo_2006,
  title={Prediction of dynamic train-track interaction and subsequent material deterioration in the presence of insulated rail joints},
  volume={44},
  ISSN={0042-3114, 1744-5159},
  DOI={10.1080/00423110600885715},
  number={sup1},
  journal={Vehicle System Dynamics},
  author={Kabo, E. and Nielsen, J. C. O. and Ekberg, A.},
  year={2006},
  pages={718-729}
}
